@ARTICLE{Fefferman:2013,
       author = {{Fefferman}, Charles and {Mitter}, Sanjoy and {Narayanan}, Hariharan},
        title = "{Testing the Manifold Hypothesis}",
      journal = {arXiv e-prints},
     keywords = {Mathematics - Statistics Theory, Mathematics - Classical Analysis and ODEs, Mathematics - Differential Geometry, 62G08},
         year = 2013,
        month = oct,
          eid = {arXiv:1310.0425},
        pages = {arXiv:1310.0425},
archivePrefix = {arXiv},
       eprint = {1310.0425},
 primaryClass = {math.ST},
       adsurl = {https://ui.adsabs.harvard.edu/abs/2013arXiv1310.0425F},
      adsnote = {Provided by the SAO/NASA Astrophysics Data System}
}


@ARTICLE{Mikolov:2013,
       author = {{Mikolov}, Tomas and {Chen}, Kai and {Corrado}, Greg and {Dean}, Jeffrey},
        title = "{Efficient Estimation of Word Representations in Vector Space}",
      journal = {arXiv e-prints},
     keywords = {Computer Science - Computation and Language},
         year = 2013,
        month = jan,
          eid = {arXiv:1301.3781},
        pages = {arXiv:1301.3781},
archivePrefix = {arXiv},
       eprint = {1301.3781},
 primaryClass = {cs.CL},
       adsurl = {https://ui.adsabs.harvard.edu/abs/2013arXiv1301.3781M},
      adsnote = {Provided by the SAO/NASA Astrophysics Data System}
}

@ARTICLE{Vaswani:2017,
       author = {{Vaswani}, Ashish and {Shazeer}, Noam and {Parmar}, Niki and
         {Uszkoreit}, Jakob and {Jones}, Llion and {Gomez}, Aidan N. and
         {Kaiser}, Lukasz and {Polosukhin}, Illia},
        title = "{Attention Is All You Need}",
      journal = {arXiv e-prints},
     keywords = {Computer Science - Computation and Language, Computer Science - Machine Learning},
         year = 2017,
        month = jun,
          eid = {arXiv:1706.03762},
        pages = {arXiv:1706.03762},
archivePrefix = {arXiv},
       eprint = {1706.03762},
 primaryClass = {cs.CL},
       adsurl = {https://ui.adsabs.harvard.edu/abs/2017arXiv170603762V},
      adsnote = {Provided by the SAO/NASA Astrophysics Data System}
}

@ARTICLE{Devlin:2018,
       author = {{Devlin}, Jacob and {Chang}, Ming-Wei and {Lee}, Kenton and
         {Toutanova}, Kristina},
        title = "{BERT: Pre-training of Deep Bidirectional Transformers for Language Understanding}",
      journal = {arXiv e-prints},
     keywords = {Computer Science - Computation and Language},
         year = 2018,
        month = oct,
          eid = {arXiv:1810.04805},
        pages = {arXiv:1810.04805},
archivePrefix = {arXiv},
       eprint = {1810.04805},
 primaryClass = {cs.CL},
       adsurl = {https://ui.adsabs.harvard.edu/abs/2018arXiv181004805D},
      adsnote = {Provided by the SAO/NASA Astrophysics Data System}
}

@ARTICLE{You:2019,
       author = {{You}, Jiaxuan and {Wang}, Yichen and {Pal}, Aditya and
         {Eksombatchai}, Pong and {Rosenberg}, Chuck and {Leskovec}, Jure},
        title = "{Hierarchical Temporal Convolutional Networks for Dynamic Recommender Systems}",
      journal = {arXiv e-prints},
     keywords = {Computer Science - Social and Information Networks, Computer Science - Information Retrieval, Computer Science - Machine Learning},
         year = 2019,
        month = apr,
          eid = {arXiv:1904.04381},
        pages = {arXiv:1904.04381},
archivePrefix = {arXiv},
       eprint = {1904.04381},
 primaryClass = {cs.SI},
       adsurl = {https://ui.adsabs.harvard.edu/abs/2019arXiv190404381Y},
      adsnote = {Provided by the SAO/NASA Astrophysics Data System}
}

@article{Liu2019LatentSC,
  title="{Latent Space Cartography: Visual Analysis of Vector Space Embeddings}",
  author={Yang Liu and Eunice Jun and Qisheng Li and Jeffrey Heer},
  journal={Comput. Graph. Forum},
  year={2019},
  volume={38},
  pages={67-78}
}

@ARTICLE{McInnes:2018,
       author = {{McInnes}, Leland and {Healy}, John and {Melville}, James},
        title = "{UMAP: Uniform Manifold Approximation and Projection for Dimension Reduction}",
      journal = {arXiv e-prints},
     keywords = {Statistics - Machine Learning, Computer Science - Computational Geometry, Computer Science - Machine Learning},
         year = 2018,
        month = feb,
          eid = {arXiv:1802.03426},
        pages = {arXiv:1802.03426},
archivePrefix = {arXiv},
       eprint = {1802.03426},
 primaryClass = {stat.ML},
       adsurl = {https://ui.adsabs.harvard.edu/abs/2018arXiv180203426M},
      adsnote = {Provided by the SAO/NASA Astrophysics Data System}
}

@ARTICLE{Bengio:2012,
       author = {{Bengio}, Yoshua and {Courville}, Aaron and {Vincent}, Pascal},
        title = "{Representation Learning: A Review and New Perspectives}",
      journal = {arXiv e-prints},
     keywords = {Computer Science - Machine Learning},
         year = 2012,
        month = jun,
          eid = {arXiv:1206.5538},
        pages = {arXiv:1206.5538},
archivePrefix = {arXiv},
       eprint = {1206.5538},
 primaryClass = {cs.LG},
       adsurl = {https://ui.adsabs.harvard.edu/abs/2012arXiv1206.5538B},
      adsnote = {Provided by the SAO/NASA Astrophysics Data System}
}

@inproceedings{Pennington:2014,
  author = {Jeffrey Pennington and Richard Socher and Christopher D. Manning},
  booktitle = {Empirical Methods in Natural Language Processing (EMNLP)},
  title = {GloVe: Global Vectors for Word Representation},
  year = {2014},
  pages = {1532--1543},
  url = {http://www.aclweb.org/anthology/D14-1162},
}

@ARTICLE{Gauvrit:2011,
       author = {{Gauvrit}, Nicolas and {Zenil}, Hector and {Delahaye}, Jean-Paul and
         {Soler-Toscano}, Fernando},
        title = "{Algorithmic Complexity for Short Binary Strings Applied to Psychology: A Primer}",
      journal = {arXiv e-prints},
     keywords = {Computer Science - Computational Complexity, 91E45},
         year = 2011,
        month = jun,
          eid = {arXiv:1106.3059},
        pages = {arXiv:1106.3059},
archivePrefix = {arXiv},
       eprint = {1106.3059},
 primaryClass = {cs.CC},
       adsurl = {https://ui.adsabs.harvard.edu/abs/2011arXiv1106.3059G},
      adsnote = {Provided by the SAO/NASA Astrophysics Data System}
}

@ARTICLE{Zenil:2012,
       author = {{Zenil}, Hector and {Soler-Toscano}, Fernando and {Delahaye}, Jean-Paul and
         {Gauvrit}, Nicolas},
        title = "{Two-Dimensional Kolmogorov Complexity and Validation of the Coding Theorem Method by Compressibility}",
      journal = {arXiv e-prints},
     keywords = {Computer Science - Computational Complexity, Computer Science - Information Theory},
         year = 2012,
        month = dec,
          eid = {arXiv:1212.6745},
        pages = {arXiv:1212.6745},
archivePrefix = {arXiv},
       eprint = {1212.6745},
 primaryClass = {cs.CC},
       adsurl = {https://ui.adsabs.harvard.edu/abs/2012arXiv1212.6745Z},
      adsnote = {Provided by the SAO/NASA Astrophysics Data System}
}


